<?xml version="1.0" encoding="UTF-8"?>
<srw:searchRetrieveResponse xmlns:srw="http://www.loc.gov/zing/srw/" xmlns="http://catalogue.bnf.fr/namespaces/InterXMarc" xmlns:ixm="http://catalogue.bnf.fr/namespaces/InterXMarc" xmlns:mn="http://catalogue.bnf.fr/namespaces/motsnotices" xmlns:sd="http://www.loc.gov/zing/srw/diagnostic/">
  <srw:version>1.2</srw:version>
  <srw:echoedSearchRetrieveRequest>
    <srw:version>1.2</srw:version>
    <srw:query>bib.title all "Quand sort la recluse"</srw:query>
  </srw:echoedSearchRetrieveRequest>
  <srw:numberOfRecords>3</srw:numberOfRecords>
  <srw:records>
    <srw:record>
      <srw:recordSchema>marcxchange</srw:recordSchema>
      <srw:recordPacking>xml</srw:recordPacking>
      <srw:recordData>
        <mxc:record xmlns:mxc="info:lc/xmlns/marcxchange-v2" format="UNIMARC" id="ark:/12148/cb453768103" type="Bibliographic">
          <mxc:leader>     njm  22        450 </mxc:leader>
          <mxc:controlfield tag="001">FRBNF453768100000004</mxc:controlfield>
          <mxc:controlfield tag="003">http://catalogue.bnf.fr/ark:/12148/cb453768103</mxc:controlfield>
          <mxc:datafield tag="071" ind1="0" ind2="1">
            <mxc:subfield code="b">Audiolib</mxc:subfield>
            <mxc:subfield code="a">1874546</mxc:subfield>
            <mxc:subfield code="c">boîte</mxc:subfield>
          </mxc:datafield>
          <mxc:datafield tag="073" ind1=" " ind2="0">
            <mxc:subfield code="a">9782367625454</mxc:subfield>
          </mxc:datafield>
          <mxc:datafield tag="100" ind1=" " ind2=" ">
            <mxc:subfield code="a">20171023d        u  y0frey50      ba</mxc:subfield>
          </mxc:datafield>
          <mxc:datafield tag="101" ind1="0" ind2=" ">
            <mxc:subfield code="a">fre</mxc:subfield>
          </mxc:datafield>
          <mxc:datafield tag="102" ind1=" " ind2=" ">
            <mxc:subfield code="a">FR</mxc:subfield>
          </mxc:datafield>
          <mxc:datafield tag="181" ind1=" " ind2="0">
            <mxc:subfield code="6">01</mxc:subfield>
            <mxc:subfield code="a">d </mxc:subfield>
            <mxc:subfield code="b">bxxa  </mxc:subfield>
          </mxc:datafield>
          <mxc:datafield tag="181" ind1=" " ind2=" ">
            <mxc:subfield code="6">02</mxc:subfield>
            <mxc:subfield code="c">prm</mxc:subfield>
            <mxc:subfield code="2">rdacontent</mxc:subfield>
          </mxc:datafield>
          <mxc:datafield tag="182" ind1=" " ind2="0">
            <mxc:subfield code="6">01</mxc:subfield>
            <mxc:subfield code="a">a</mxc:subfield>
          </mxc:datafield>
          <mxc:datafield tag="182" ind1=" " ind2=" ">
            <mxc:subfield code="6">02</mxc:subfield>
            <mxc:subfield code="c">s</mxc:subfield>
            <mxc:subfield code="2">rdamedia</mxc:subfield>
          </mxc:datafield>
          <mxc:datafield tag="200" ind1="1" ind2=" ">
            <mxc:subfield code="a">Quand sort la recluse</mxc:subfield>
            <mxc:subfield code="b">Enregistrement sonore</mxc:subfield>
          </mxc:datafield>
          <mxc:datafield tag="210" ind1=" " ind2=" ">
            <mxc:subfield code="c">Audiolib / Hachette livre</mxc:subfield>
          </mxc:datafield>
          <mxc:datafield tag="215" ind1=" " ind2=" ">
            <mxc:subfield code="a">1 CD MP3</mxc:subfield>
          </mxc:datafield>
          <mxc:datafield tag="716" ind1=" " ind2=" ">
            <mxc:subfield code="a">Audiolib</mxc:subfield>
          </mxc:datafield>
          <mxc:datafield tag="801" ind1=" " ind2="0">
            <mxc:subfield code="a">FR</mxc:subfield>
            <mxc:subfield code="b">FR-751131015</mxc:subfield>
            <mxc:subfield code="c">20171023</mxc:subfield>
            <mxc:subfield code="g">AFNOR</mxc:subfield>
            <mxc:subfield code="h">FRBNF453768100000004</mxc:subfield>
            <mxc:subfield code="2">intermrc</mxc:subfield>
          </mxc:datafield>
          <mxc:datafield tag="930" ind1=" " ind2=" ">
            <mxc:subfield code="5">FR-759999999:45376810001001</mxc:subfield>
            <mxc:subfield code="a">SDC 12-329865</mxc:subfield>
            <mxc:subfield code="b">759999999</mxc:subfield>
            <mxc:subfield code="c">Tolbiac - Rez de Jardin - Audiovisuel - Magasin</mxc:subfield>
            <mxc:subfield code="d">O</mxc:subfield>
          </mxc:datafield>
        </mxc:record>
      </srw:recordData>
      <srw:recordIdentifier>ark:/12148/cb453768103</srw:recordIdentifier>
      <srw:recordPosition>1</srw:recordPosition>
      <srw:extraRecordData>
        <ixm:attr name="CreationDate">20171023</ixm:attr>
        <ixm:attr name="LastValidationDate">20171023</ixm:attr>
        <mn:score>8.675252</mn:score>
      </srw:extraRecordData>
    </srw:record>